<record><leader>00000cas a22000007a 4500</leader><controlfield tag="001">10214097</controlfield><controlfield tag="008">831213d198319uutxudr ne      0   a0eng d</controlfield><datafield ind1=" " ind2=" " tag="010"><subfield code="a">sn 83005392 </subfield></datafield><datafield ind1=" " ind2=" " tag="040"><subfield code="a">NSD</subfield><subfield code="b">eng</subfield><subfield code="c">NSD</subfield><subfield code="d">PPM</subfield><subfield code="d">OCLCQ</subfield></datafield><datafield ind1=" " ind2=" " tag="012"><subfield code="m">d</subfield></datafield><datafield ind1="1" ind2=" " tag="022"><subfield code="a">0746-6757</subfield><subfield code="l">0746-6757</subfield><subfield code="2">1</subfield></datafield><datafield ind1=" " ind2=" " tag="037"><subfield code="b">Huntsville Morning News, P.O. Box 1655, Huntsville, TX 77340</subfield></datafield><datafield ind1=" " ind2=" " tag="042"><subfield code="a">nsdp</subfield></datafield><datafield ind1=" " ind2="0" tag="222"><subfield code="a">Huntsville morning news</subfield></datafield><datafield ind1="0" ind2="0" tag="245"><subfield code="a">Huntsville morning news.</subfield></datafield><datafield ind1=" " ind2=" " tag="260"><subfield code="a">[Huntsville, Tex. :</subfield><subfield code="b">Gary Randazzo,</subfield><subfield code="c">1983]-</subfield></datafield><datafield ind1=" " ind2=" " tag="310"><subfield code="a">Daily</subfield></datafield><datafield ind1="0" ind2=" " tag="362"><subfield code="a">Vol. 1, no. 1 (Aug. 1, 1983)-</subfield></datafield><datafield ind1=" " ind2=" " tag="752"><subfield code="a">United States</subfield><subfield code="b">Texas</subfield><subfield code="c">Walker</subfield><subfield code="d">Huntsville.</subfield></datafield><datafield ind1=" " ind2=" " tag="936"><subfield code="a">Nov. 3, 1983</subfield></datafield><datafield ind1="1" ind2=" " tag="029"><subfield code="a">AU@</subfield><subfield code="b">000025784356</subfield></datafield></record>